@online{Basicthinking,
  author={Basicthinking},
  title={Personalisierte Werbung},
  url={https://www.basicthinking.de/blog/2021/08/24/personalisierte-werbung-gorelate/},
  urldate={2024-05-32},
  year={2024},

}
,
@online{criteo,
  author={Criteo},
  title={KI gest√ºtzte Werbung},
  url={https://gci.ch/die-macht-der-werbung-wie-sie-unser-kaufverhalten-beeinflusst/},
  urldate={2024-05-32},
  year={2024}
}
,

@online{gci,
  author={gci},
  title={Die Macht der Werbung},
  url={https://gci.ch/die-macht-der-werbung-wie-sie-unser-kaufverhalten-beeinflusst/},
  urldate={2024-05-32},
  year={2024}
}   
,
@online{121watt,
  author={121watt},
  title={KI basierte Werbung},
  url={https://gci.ch/die-macht-der-werbung-wie-sie-unser-kaufverhalten-beeinflusst/},
  urldate={2024-05-32},
  year={2024}
} 
,  

 @online{kalaidos-fh,
  author={kalaidos-fh},
  title={KI Marketing Datenschutz},
  url={https://www.kalaidos-fh.ch/de-CH/Blog/Posts/2021/10/Digitalisierung-1047-Personalisiertes-Marketing-Datenschutz},
  urldate={2024-05-32},
  year={2024}
}  ,

 @online{Nielsen,
  author={Nielsen},
  title={Einfluss von Werbung},
  url={https://www.nielsen.com/de/insights/2015/global-trust-in-advertising/},
  urldate={2024-05-32},
  year={2024}
}  




    
    
   